@online{buterin2013whitepaper,
  author = {Vitalik Buterin},
  title  = {Ethereum: A Next-Generation Smart Contract and Decentralized Application Platform},
  url    = {https://github.com/ethereum/wiki/wiki/White-Paper},
  year   = {2013}
}

@online{eipssite,
  author = {Ethereum Foundation},
  title  = {Ethereum Improvement Proposals},
  year   = {2018},
  month  = {March},
  url    = {https://eips.ethereum.org/}
}

@online{eipsrepo,
  author = {Ethereum Foundation},
  title  = {The Ethereum Improvement Proposal repository},
  year   = {2015},
  month  = {October},
  day    = {26},
  url    = {https://github.com/ethereum/eips}
}

@online{eipxtemplate,
  author = {Ethereum Foundation},
  title  = {EIP X, The suggested template for new EIPs},
  year   = {2015},
  url    = {https://github.com/ethereum/EIPs/blob/master/eip-X.md}
}

@online{erc20,
  author = {Vogelsteller, Fabian and Buterin, Vitalik},
  title  = {ERC-20 Token Standard},
  year   = {2015},
  month  = {November},
  day    = {19},
  url    = {https://eips.ethereum.org/EIPS/eip-20}
}

@online{erc20approveattack,
  author = {Vladimirov, Mikhail and Khovratovich, Dmitry},
  title  = {ERC20 API: An Attack Vector on Approve/TransferFrom Methods},
  year   = {2016},
  month  = {November},
  day    = {29},
  url    = {https://docs.google.com/document/d/1YLPtQxZu1UAvO9cZ1O2RPXBbT0mooh4DYKjA_jp-RLM}
}

@online{erc20shouldmust,
  author = {Zoltu, Micah},
  year   = {2018},
  month  = {August},
  day    = {7},
  url    = {https://github.com/ethereum/EIPs/issues/1298#issuecomment-410966921}
}


@online{soldoc,
  author = {Ethereum Foundation},
  title  = {Solidity 0.4.24 documentation},
  year   = {2018},
  month  = {May},
  day    = {16},
  url    = {https://solidity.readthedocs.io/en/v0.4.24}
}
